@misc{1,
	title = {CryEngine},
	howpublished = {\url{http://docs.cryengine.com/display/CEMANUAL/VR+Support}},
	note = {Accessed: 2017-11-21}
}

@misc{2,
	title = {Unity},
	howpublished = {\url{https://docs.unity3d.com/Manual/index.html}},
	note = {Accessed: 2017-11-21}
}

@misc{3,
	title = {Unreal},
	howpublished = {\url{https://docs.unrealengine.com/latest/INT/l}},
	note = {Accessed: 2017-11-21}
}