@article{rasterline,
	author = {Bresenham, Jack},
	title = {A Linear Algorithm for Incremental Digital Display of Circular Arcs},
	journal = {Communications of the ACM},
	volume = {20},
	year = {1977},
	number = {2},
	pages = {100-106}
}
