@inproceedings{1,
	author = {Botsch, Mario and Pauly, Mark and Rossl, Christian and Bischoff, Stephan and Kobbelt, Leif},
	title = {Geometric Modeling Based on Triangle Meshes},
	booktitle = {ACM SIGGRAPH 2006 Courses},
	series = {SIGGRAPH '06},
	year = {2006},
	isbn = {1-59593-364-6},
	location = {Boston, Massachusetts},
	articleno = {1},
	url = {http://doi.acm.org/10.1145/1185657.1185839},
	doi = {10.1145/1185657.1185839},
	acmid = {1185839},
	publisher = {ACM},
	address = {New York, NY, USA},
} 

@article{2,
	title = "Coding of 3D virtual objects with NURBS",
	journal = "Signal Processing",
	volume = "82",
	number = "11",
	pages = "1581 - 1593",
	year = "2002",
	issn = "0165-1684",
	doi = "https://doi.org/10.1016/S0165-1684(02)00303-1",
	url = "http://www.sciencedirect.com/science/article/pii/S0165168402003031",
	author = "Diego Santa-Cruz and Touradj Ebrahimi",
	keywords = "B-Spline, NURBS, Compression, 3D model, Coding, Triangular mesh"
}

@article{3,
	issn = "0146-664X",
	journal = "Computer Graphics and Image Processing",
	pages = "249--270",
	volume = "14",
	publisher = "Elsevier B.V.",
	number = "3",
	year = "1980",
	title = "Oct-trees and their use in representing three-dimensional objects",
	language = "eng",
	author = "Jackins, Chris L. and Tanimoto, Steven L.",
}

@article{4,
	issn = "0010-4485",
	journal = "Computer-Aided Design",
	pages = "250--252",
	volume = "22",
	publisher = "Elsevier Ltd",
	number = "4",
	year = "1990",
	title = "Binary space partitioning trees as an alternative representation of polytopes",
	language = "eng",
	author = "Naylor, B.",
	keywords = "Geometric Modelling ; Polyhedra ; Set Operations ; Visible Surfaces",
}



