@misc{cave,
	title = {CavePainting},
	howpublished = {\url{http://graphics.cs.brown.edu/research/sciviz/cavepainting/cavepainting.html}},
	note = {Accessed: 2017-10-25}
}
@misc{tilt,
	title = {Google Tilt Brush},
	howpublished = {\url{https://www.tiltbrush.com}},
	note = {Accessed: 2017-10-25}
}
@misc{vive,
	title = {HTC Vive Reccomended Hardware Specifications},
	howpublished = {\url{https://www.vive.com/us/ready}},
	note = {Accessed: 2017-10-25}
}
@misc{unreal,
	title = {Unreal Engine | Blog},
	howpublished = {\url{https://www.unrealengine.com/en-US/blog}},
	note = {Accessed: 2017-11-01}
}
@misc{unity,
	title = {Unity - Game Engine},
	howpublished = {\url{https://unity3d.com/}},
	note = {Accessed: 2017-11-01}
}
@inproceedings{braxTech1,
	author = {Botsch, Mario and Pauly, Mark and Rossl, Christian and Bischoff, Stephan and Kobbelt, Leif},
	title = {Geometric Modeling Based on Triangle Meshes},
	booktitle = {ACM SIGGRAPH 2006 Courses},
	series = {SIGGRAPH '06},
	year = {2006},
	isbn = {1-59593-364-6},
	location = {Boston, Massachusetts},
	articleno = {1},
	url = {http://doi.acm.org/10.1145/1185657.1185839},
	doi = {10.1145/1185657.1185839},
	acmid = {1185839},
	publisher = {ACM},
	address = {New York, NY, USA},
} 

@article{braxTech2,
	title = "Coding of 3D virtual objects with NURBS",
	journal = "Signal Processing",
	volume = "82",
	number = "11",
	pages = "1581 - 1593",
	year = "2002",
	issn = "0165-1684",
	doi = "https://doi.org/10.1016/S0165-1684(02)00303-1",
	url = "http://www.sciencedirect.com/science/article/pii/S0165168402003031",
	author = "Diego Santa-Cruz and Touradj Ebrahimi",
	keywords = "B-Spline, NURBS, Compression, 3D model, Coding, Triangular mesh"
}

@article{braxTech3,
	issn = "0146-664X",
	journal = "Computer Graphics and Image Processing",
	pages = "249--270",
	volume = "14",
	publisher = "Elsevier B.V.",
	number = "3",
	year = "1980",
	title = "Oct-trees and their use in representing three-dimensional objects",
	language = "eng",
	author = "Jackins, Chris L. and Tanimoto, Steven L.",
}

@online{braxTech4,
  author = {The Khronos Group Inc},
  title = {Shader Compilation},
  year = 2017,
  url = {https://www.khronos.org/opengl/wiki/Shader_Compilation},
  urldate = {2017-11-21}
}

@article{braxTech5,
	issn = "0010-4485",
	journal = "Computer-Aided Design",
	pages = "250--252",
	volume = "22",
	publisher = "Elsevier Ltd",
	number = "4",
	year = "1990",
	title = "Binary space partitioning trees as an alternative representation of polytopes",
	language = "eng",
	author = "Naylor, B.",
	keywords = "Geometric Modelling ; Polyhedra ; Set Operations ; Visible Surfaces",
}



@misc{richTech1,
	title = {CryEngine},
	howpublished = {\url{http://docs.cryengine.com/display/CEMANUAL/VR+Support}},
	note = {Accessed: 2017-11-21}
}

@misc{richTech2,
	title = {Unity},
	howpublished = {\url{https://docs.unity3d.com/Manual/index.html}},
	note = {Accessed: 2017-11-21}
}

@misc{richTech3,
	title = {Unreal},
	howpublished = {\url{https://docs.unrealengine.com/latest/INT/l}},
	note = {Accessed: 2017-11-21}
}

@misc{chrisTech1,
	title = {Interaction Components Unity Technologies},
	howpublished = {\url{https://docs.unity3d.com/Manual/UIInteractionComponents.html}},
	note = {Accessed: 2017-11-18}
}

@misc{chrisTech2,
	title = {User Interfaces for VR},
	howpublished = {\url{https://unity3d.com/learn/tutorials/topics/virtual-reality/user-interfaces-vr}},
	note = {Accessed: 2017-11-15}
}

@misc{chrisTech3,
	title = {UMG UI Designer},
	howpublished = {\url{https://docs.unrealengine.com/latest/INT/Engine/UMG/index.html}},
	note = {Accessed: 2017-11-17}
}

@misc{chrisTech4,
	title = {Creating 3D Widgets},
	howpublished = {\url{https://docs.unrealengine.com/latest/INT/Engine/UMG/HowTo/Create3DWidgets/index.html}},
	note = {Accessed: 2017-11-16}
}

@misc{chrisTech5,
	title = {User Interface - Technical Documentation},
	howpublished = {\url{http://docs.cryengine.com/display/SDKDOC4/User+Interface}},
	note = {Accessed: 2017-11-20}
}

@misc{chrisTech6,
	title = {Oculus Rift vs. HTC Vive: Prices are lower, but our favorite remains the same},
	howpublished = {\url{Digital Staff - https://www.digitaltrends.com/virtual-reality/oculus-rift-vs-htc-vive/}},
	note = {Accessed: 2017-11-21}
}

@misc{chrisTech7,
	title = {DodecaPen: Accurate 6DoF Tracking of a Passive Stylus},
	howpublished = {\url{https://research.fb.com/publications/dodecapen-accurate-6dof-tracking-of-a-passive-stylus/}},
	note = {Accessed: 2017-11-21}
}
