@misc{cave,
	title = {CavePainting},
	howpublished = {\url{http://graphics.cs.brown.edu/research/sciviz/cavepainting/cavepainting.html}},
	note = {Accessed: 2017-10-25}
}
@misc{tilt,
	title = {Google Tilt Brush},
	howpublished = {\url{https://www.tiltbrush.com}},
	note = {Accessed: 2017-10-25}
}
@misc{vive,
	title = {HTC Vive Reccomended Hardware Specifications},
	howpublished = {\url{https://www.vive.com/us/ready}},
	note = {Accessed: 2017-10-25}
}